 @article{poli2007particle,
  title={Particle swarm optimization},
  author={Poli, Riccardo and Kennedy, James and Blackwell, Tim},
  journal={Swarm intelligence},
  year={2007},
  publisher={Springer}
}

@inproceedings{inproceedings,
author = {Erceg, Bojan and Zeljkovic, Cedomir},
year = {2018},
title = {Implementacija BPSO algoritma za optimalnu rekonfiguraciju distributivne mreže}
}

@book{eberhart2001swarm,
  title={Swarm intelligence},
  author={Eberhart, Russell C and Shi, Yuhui and Kennedy, James},
  year={2001},
  publisher={Elsevier}
}

 
 @article{rini2011particle,
  title={Particle swarm optimization: technique, system and challenges},
  author={Rini, Dian Palupi and Shamsuddin, Siti Mariyam and Yuhaniz, Siti Sophiyati},
  journal={International journal of computer applications},
  year={2011},
  publisher={International Journal of Computer Applications, 244 5 th Avenue,\# 1526, New~…}
}

@article{10.4018/IJRSDA.2018040101,
author = {El-Shorbagy, M.A. and Hassanien, Aboul Ella},
title = {Particle Swarm Optimization from Theory to Applications},
note = {\url{https://www.researchgate.net/publication/322529809_Particle_Swarm_Optimization_from_Theory_to_Applications}},
year = {2018},
publisher = {IGI Global},
url = {https://doi.org/10.4018/IJRSDA.2018040101},
journal = {Int. J. Rough Sets Data Anal.},
keywords = {Particle Swarm Optimization, Optimization Problems, Parameter Setting, Swarm Intelligence, PSO}
}

@book{engelbrecht2007computational,
  title={Computational intelligence: an introduction},
  author={Engelbrecht, Andries P},
  year={2007},
  publisher={John Wiley \& Sons}
}


@incollection{liu2006particle,
  title={Particle Swarm Optimisation from lbest to gbest},
  author={Liu, Hongbo and Li, Bo and Ji, Ye and Sun, Tong},
  booktitle={Applied soft computing technologies: the challenge of complexity},
  year={2006},
  publisher={Springer}
}


@article{wang2018particle,
  title={{Particle swarm optimization algorithm: an overview}},
  note = {\url{https://www.researchgate.net/publication/312519986_Particle_swarm_optimization_algorithm_an_overview}},
  author = {Wang, Dongshu and Tan, Dapei and Liu, Lei},
  journal={Soft Computing},
  year={2018},
  publisher={Springer}
  
}
